2208 2960
306 123 430 194 Cap.
451 132 535 189 46.
821 130 891 174 De
911 134 1066 194 Regna
1084 120 1420 175 Tenebraraem.
1820 141 1850 189 3·
1864 143 1877 174 1
1892 144 1914 190 5

300 226 374 255 cus
392 209 597 270 singulare
614 243 625 263 ,
648 208 823 255 &illam
839 246 850 265 ,
869 226 964 272 quas
976 211 1064 270 jam
1079 209 1151 254 diu
1172 223 1255 270 pro
1273 207 1548 268 Philosophia
1563 207 1705 253 habita
1720 209 1782 255 est
1799 244 1814 264 ,
1847 208 1916 254 fu·

299 285 436 316 catam
452 270 718 333 &garrulam
736 272 1060 318 meritriculam.·
1087 270 1364 331 Philosophia
1374 272 1489 314 enim
1512 273 1528 326 (
1543 268 1625 313 sive
1642 270 1829 317 studium
1839 272 1917 318 Sa·

301 335 472 396 pientiae
488 334 674 394 )quanta
688 333 747 380 est
764 368 776 387 ,
792 336 1008 395 Sapientia
1017 332 1078 378 est
1094 354 1106 387 ;
1124 334 1166 379 id
1181 331 1242 377 est
1259 367 1271 387 ,
1297 331 1518 395 Effcllnum
1534 347 1585 377 ex
1601 337 1775 393 conceth
1788 349 1914 379 eorum

300 397 422 457 causis
439 430 451 449 ,
476 399 544 457 seu
560 396 891 451 Generaaeions'bu15
923 397 970 443 &
993 395 1123 456 rursks
1142 400 1437 441 Generamnum
1466 411 1554 453 que
1574 393 1640 454 effi
1662 395 1801 456 poffime
1820 430 1831 448 ,
1865 411 1911 440 ex

299 457 743 581 305321505523133221'
757 457 1655 580 '‘ffKhL‘ffiiKYZZZTZSi?S'{i3e⁵JSZLT³
1678 470 1808 517 q⁰²¹¹²
1827 471 1908 502 nec

394 582 476 627 Per
489 596 616 644 quam
633 581 945 627 Definitionem
962 580 1233 642 distinguitur
1249 579 1520 642 Philosophia
1536 583 1679 640 primo
1692 579 1746 623 ab
1765 579 1908 640 Expe-

300 644 450 689 rientia
484 677 498 699 ,
532 646 578 688 &
597 643 822 689 Prudentia
836 644 1058 689 hominum
1077 647 1125 688 &
1155 656 1411 688 caeterorum
1426 642 1671 687 animali-um
1690 643 1912 688 communi

300 720 345 751 ut
396 720 459 749 uae
473 720 558 751 non
574 706 761 751 Ratione
781 744 795 756 ,
820 702 890 753 {bd
906 707 1122 755 Memoria
1138 708 1304 750 tantum
1321 720 1609 765 comparatur.

416 767 540 812 einde
551 767 819 829 distinguitur
832 772 852 813 a
867 768 970 812 Fide
988 771 1029 812 St
1048 766 1659 829 RevelationeSupernaturali
1678 797 1691 821 ,
1708 780 1804 827 quae
1820 782 1908 811 non

298 831 463 874 ratione
477 833 753 891 acquiruntur
769 865 780 885 ,
795 829 865 875 sed
880 829 1001 875 dono
1014 831 1180 876 dantur.

370 888 701 953 Philosophandi
717 908 856 938 autem
871 894 1013 953 Origo
1031 896 1163 954 prima
1177 930 1189 946 ‚
1207 892 1401 938 Sermoni
1418 905 1561 936 coaeva
1577 889 1663 936 fere
1676 888 1750 935 est.
1775 890 1909 935 Fuere

295 954 408 998 enim
422 956 529 999 inter
546 958 780 1016 primorum
798 969 1039 1016 temporum
1054 957 1246 1001 homines
1263 953 1502 999 rudiffimos
1517 991 1531 1006 ‚
1562 969 1633 1014 qui
1654 954 1804 1012 Opera
1822 954 1907 997 Dei

295 1016 489 1060 admirati
516 1016 621 1062 sunt.
659 1019 901 1063 Adfuit-atio
931 1033 1072 1063 autem
1099 1018 1151 1061 ad
1179 1017 1319 1061 causas
1347 1017 1597 1078 quaerendas
1610 1030 1753 1059 earum
1767 1028 1907 1060 rerum

294 1090 400 1137 quas
416 1077 674 1124 admirantur
687 1083 853 1140 ingenia
876 1082 1050 1125 excitat.
1084 1079 1169 1125 Sed
1187 1080 1227 1123 id
1246 1079 1363 1140 quod
1383 1077 1700 1138 Philoiophiam
1713 1076 1814 1121 aluit
1833 1092 1907 1121 au·

295 1141 443 1200 xitque
459 1144 642 1189 maxime
660 1144 814 1188 Otium
830 1157 919 1187 erat
934 1177 945 1195 ,
971 1158 1099 1204 quam
1114 1143 1289 1190 Scholam
1304 1142 1446 1187 Graeci
1462 1152 1631 1185 vocant.
1665 1140 1818 1183 Otium
1833 1154 1907 1183 au·

294 1213 383 1245 tem
410 1208 557 1262 genuit
587 1206 673 1249 Pax
690 1226 702 1260 5
738 1220 835 1266 quae
852 1205 927 1251 nili
948 1207 987 1249 in
1004 1208 1170 1266 magnis
1202 1202 1460 1249 Civitatibus
1491 1202 1665 1246 inveniri
1683 1216 1768 1245 non
1784 1198 1906 1246 solet.

293 1264 443 1322 Itaque
461 1264 719 1311 Professores
731 1268 958 1327 Sapientiae
971 1269 1096 1328 primi
1110 1281 1227 1311 erant
1243 1261 1616 1327 Gymnosophistae
1634 1262 1766 1308 Indiae
1779 1301 1788 1314 ,
1806 1264 1907 1308 Ma-

292 1327 337 1385 gi
354 1325 499 1371 Persiae
518 1361 528 1380 ,
551 1330 598 1371 &
613 1328 649 1371 C
655 1328 912 1373 haldaeorum
932 1332 979 1373 «Sc
993 1330 1301 1390 AEgyptiorum
1318 1326 1570 1374 sacerdotes.
1588 1327 1751 1372 Graecis
1765 1327 1812 1369 &
1828 1341 1911 1386 po-

294 1386 403 1448 pulis
423 1389 678 1435 Occidentis
694 1389 963 1451 Philoiophia
978 1391 1169 1435 nondum
1185 1403 1279 1435 orta
1294 1404 1398 1435 erat.
1409 1389 1639 1449 Postquam
1651 1402 1790 1433 autem
1807 1384 1910 1434 Rei:

294 1450 466 1510 publica
492 1452 809 1499 Atheniensium
836 1452 956 1498 vi&is
986 1451 1134 1498 Persiae
1160 1451 1317 1497 florere
1333 1454 1482 1513 ‚coepit
1496 1485 1509 1505 ,
1543 1465 1645 1496 tunc
1660 1452 1842 1512 primum
1857 1451 1905 1505 ii,

293 1514 367 1572 qui
384 1528 521 1574 neque
535 1514 657 1560 domi
677 1530 815 1576 neque
830 1513 935 1560 foris
950 1517 1182 1576 quicquam
1198 1514 1400 1560 haberent
1415 1513 1528 1558 aliud
1554 1514 1673 1573 quod
1700 1512 1902 1565 facerent,

291 1580 526 1621 convenire
540 1578 582 1621 in
611 1577 708 1622 loca
734 1577 903 1639 publica
931 1575 1235 1622 confabulandi
1265 1577 1398 1639 gratia
1416 1578 1688 1637 incoeperunt
1719 1608 1732 1628 ,
1766 1588 1903 1634 neque

291 1641 360 1682 a'ia
375 1643 458 1697 rei(
480 1653 524 1684 ut
535 1640 640 1684 dicit
657 1641 834 1686 Sanetus
850 1645 986 1685 Lucas
1002 1639 1100 1683 Adi.
1124 1655 1195 1690 17.
1215 1654 1287 1684 21.
1312 1639 1329 1698 )
1357 1637 1550 1684 vacabam
1567 1673 1579 1690 ‚
1612 1638 1681 1696 naefi
1704 1635 1756 1681 ad
1771 1636 1902 1682 dicen-

291 1699 388 1744 dum
403 1716 471 1746 aut
483 1701 719 1746 audiendum
731 1704 883 1764 aliquid
895 1706 997 1747 novi.
1033 1704 1181 1761 Itaque
1196 1703 1269 1762 qui
1285 1700 1358 1746 sibi
1373 1699 1625 1745 videbantur
1640 1703 1681 1744 in
1710 1697 1905 1744 Philoso-

325 1761 391 1805 hia
408 1761 631 1821 profeciile
648 1798 660 1816 ,
675 1763 833 1807 docere
847 1763 953 1808 alios
968 1776 1194 1824 coeperunt
1209 1797 1223 1817 ,
1244 1762 1369 1808 Plato
1385 1764 1427 1807 in
1446 1761 1683 1814 Academia,
1698 1759 1907 1806 Aristote-

291 1776 350 1869 Es
363 1826 403 1868 in
420 1829 543 1880 Lyceo
556 1860 569 1880 ,
602 1824 669 1869 alii
687 1827 729 1870 in
743 1824 836 1870 Stod
855 1846 868 1881 5
903 1839 998 1886 quae
1014 1825 1108 1870 loca
1126 1862 1135 1877 ‚
1153 1826 1296 1871 Scholae
1313 1844 1329 1880 5
1349 1826 1399 1868 &
1418 1824 1724 1886 disputationes
1752 1838 1903 1869 eorum

290 1885 484 1932 Diatribae
496 1887 829 1948 appellabantur.
876 1887 957 1947 Ipsi
974 1901 1113 1932 autern
1128 1902 1278 1932 eorum
1291 1885 1532 1933 Se&atores
1549 1884 1795 1932 nominibus
1824 1885 1904 1932 suis

289 1945 669 2009 distinguebantur.
690 1951 808 1994 Nam
825 1952 899 2010 qui
916 1950 1137 1994 Platonem
1151 1948 1312 2012 sequuti
1325 1947 1436 2004 sunt,
1451 1948 1698 2003 Academia}
1713 1951 1786 2010 qui
1803 1950 1906 1993 Ari-

290 2006 505 2065 stotelem,
519 2011 764 2074 Peripatetici
778 2031 792 2067 ;
811 2015 859 2056 &
877 2013 950 2073 qui
968 2012 1209 2068 Zenonem,
1227 2015 1343 2058 Stoici
1357 2012 1499 2057 vocati
1514 2011 1602 2056 sunt
1616 2031 1632 2065 5
1646 2025 1742 2071 quae
1758 2009 1904 2056 distin-

289 2071 380 2118 &io
394 2108 409 2126 ‚
425 2088 506 2118 una
519 2088 618 2119 cum
633 2070 884 2120 differentiis
902 2074 1192 2120 doflninarum
1211 2109 1224 2129 ,
1241 2073 1467 2135 permansit
1482 2074 1612 2134 usque
1622 2073 1675 2118 ad
1702 2087 1901 2135 tempora

289 2133 531 2182 Servatoris
546 2135 703 2192 nostri,
738 2139 786 2181 &
811 2142 833 2196 (
851 2151 925 2198 per
940 2149 1076 2182 totam
1093 2139 1307 2196 Europam
1335 2140 1381 2181 &
1409 2137 1549 2183 Asiam
1573 2136 1662 2182 fere
1687 2139 1860 2198 cognita
1877 2136 1901 2192 )

289 2198 419 2242 etiam
432 2197 603 2244 illorum
618 2212 865 2261 temporum
882 2198 1168 2261 Philosophos
1183 2202 1290 2243 inter
1302 2194 1341 2242 st
1355 2197 1560 2244 distinxit.

352 2260 492 2304 Etiam
508 2261 550 2304 in
563 2260 703 2307 Iudaea
713 2261 879 2308 Scholae
893 2275 1009 2306 erant
1024 2260 1222 2322 publicae,
1237 2259 1305 2305 sed
1323 2262 1365 2306 in
1384 2261 1627 2323 Synagogis
1641 2295 1654 2315 ,
1673 2259 1745 2305 ubi
1759 2260 1898 2322 Leges

292 2321 536 2368 Iudaeorum
553 2323 724 2385 publice
738 2325 957 2386 explicatae
975 2325 1022 2368 &
1036 2322 1255 2385 disputatae
1267 2337 1384 2369 erant
1399 2344 1414 2380 3
1432 2337 1477 2370 ut
1497 2322 1665 2370 Scholae
1680 2321 1899 2370 Libertino-

291 2402 378 2434 rum
395 2419 407 2439 ‚
426 2388 707 2442 Cyrenaeorum,
721 2387 1084 2434 Alexandrinorum
1096 2423 1107 2438 ,
1128 2388 1176 2430 &
1192 2388 1373 2433 Cilicum.

352 2447 480 2507 Qid
494 2460 635 2498 autem
650 2448 835 2495 humano
848 2451 990 2512 generi
1007 2448 1158 2494 seholae
1170 2450 1426 2494 Graecorum
1442 2448 1670 2511 profuere?
1683 2449 1794 2494 Plato
1807 2449 1900 2509 qui·

292 2508 492 2572 demipse
508 2508 852 2572 Philosophus&
881 2515 1117 2559 Geometra
1134 2511 1305 2574 insignis
1318 2526 1435 2567 erat3
1466 2509 1539 2560 sed
1565 2510 1667 2558 nulli
1684 2510 1727 2555 id
1752 2510 1901 2555 debuit

293 2573 478 2619 Scholae.
514 2571 761 2620 Commoda
775 2610 789 2630 ,
821 2589 917 2635 quae
943 2578 967 2620 a
982 2574 1157 2634 Physica
1176 2577 1224 2620 &
1241 2576 1488 2621 Geometria
1517 2575 1718 2621 habemus
1735 2571 1866 2618 hodie
1883 2604 1898 2627 ,

292 2636 524 2686 Archimedi
540 2637 744 2685 debemus
764 2671 777 2697 ,
792 2637 960 2685 homini
974 2637 1321 2747 Scholqppllius.
1337 2638 1494 2688 Schola
1506 2638 1790 2701 Peripatetica
1804 2648 1901 2694 quae

1258 2717 1289 2748 2
1725 2710 1899 2743 caeteras
